
@article{tvedtbezem,
	Author = "B{\aa}rd Henning Tvedt and Marc Bezem",
	Title = "Modeling Safety Constraints in Oil and Gas Maintenance",
	Year = "2011"}